@book{delannoy,
author = {Claudine~Delannoy},
title = {Programmer en langage C},
month = sep,
year = {5e édition 2009},
publisher= {Éditions Eyrolles}
}

@book{kr,
author = {Brian~W.~Kernighan,~Dennis~Ritchie},
title = {C Programming Language},
year = {1988},
publisher= {Prentice Hall}
}

@book{c20,
author = {Eric~Berthomier,~Daniel~Schang},
title = {Le C en 20 heures},
year = {2012},
month = mar,
publisher= {In libro veritas},
pages = {196}
}

