@book{delannoy,
author = {Claudine Delannoy},
title = {Programmer en langage C},
month = sep,
year = {5e édition 2009},
publisher= {ÉDITIONS EYROLLES}
}

@book{kr,
author = {Brian W. Kernighan, Dennis Ritchie},
title = {C Programming Language},
month = mar,
year = {1988},
publisher= {Prentice Hall}
}

